
@article{diehl_consistent_2009,
	title = {Consistent phase picking for regional tomography models: application to the greater Alpine region},
	volume = {176},
	issn = {0956-540X},
	url = {https://academic.oup.com/gji/article/176/2/542/632741},
	doi = {10.1111/j.1365-246X.2008.03985.x},
	shorttitle = {Consistent phase picking for regional tomography models},
	abstract = {Summary.  The resolution and reliability of tomographic velocity models strongly depends on quality and consistency of available traveltime data. Arrival times},
	pages = {542--554},
	number = {2},
	journaltitle = {Geophysical Journal International},
	shortjournal = {Geophys J Int},
	author = {Diehl, T. and Kissling, E. and Husen, S. and Aldersons, F.},
	urldate = {2019-04-17},
	date = {2009-02-01},
	langid = {english},
	file = {Full Text PDF:/home/matteo/Zotero/storage/69AAPGWB/Diehl et al. - 2009 - Consistent phase picking for regional tomography m.pdf:application/pdf;Snapshot:/home/matteo/Zotero/storage/PNZ3ISR2/632741.html:text/html}
}

@article{allen_automatic_1982,
	title = {Automatic phase pickers: Their present use and future prospects},
	volume = {72},
	issn = {0037-1106},
	url = {https://pubs.geoscienceworld.org/ssa/bssa/article/72/6B/S225/102172/automatic-phase-pickers-their-present-use-and},
	shorttitle = {Automatic phase pickers},
	pages = {S225--S242},
	number = {6},
	journaltitle = {Bulletin of the Seismological Society of America},
	shortjournal = {Bulletin of the Seismological Society of America},
	author = {Allen, Rex},
	urldate = {2019-04-18},
	date = {1982-12-01},
	langid = {english},
	file = {Full Text PDF:/home/matteo/Zotero/storage/GCWHZDKC/Allen - 1982 - Automatic phase pickers Their present use and fut.pdf:application/pdf;Snapshot:/home/matteo/Zotero/storage/BCNSTA48/automatic-phase-pickers-their-present-use-and.html:text/html}
}

@article{baer_automatic_1987,
	title = {An automatic phase picker for local and teleseismic events},
	volume = {77},
	issn = {0037-1106},
	url = {https://pubs.geoscienceworld.org/ssa/bssa/article-abstract/77/4/1437/119016/an-automatic-phase-picker-for-local-and},
	pages = {1437--1445},
	number = {4},
	journaltitle = {Bulletin of the Seismological Society of America},
	shortjournal = {Bulletin of the Seismological Society of America},
	author = {Baer, M. and Kradolfer, U.},
	urldate = {2019-04-18},
	date = {1987-08-01},
	langid = {english},
	file = {Full Text PDF:/home/matteo/Zotero/storage/8HJAZWQZ/Baer and Kradolfer - 1987 - An automatic phase picker for local and teleseismi.pdf:application/pdf;Snapshot:/home/matteo/Zotero/storage/WTWQUBKK/an-automatic-phase-picker-for-local-and.html:text/html}
}